@article{pearson1994mixed,
  title={Mixed-effects regression models for studying the natural history of prostate disease},
  author={Pearson, Jay D and Morrell, Christopher H and Landis, Patricia K and Carter, H Ballentine and Brant, Larry J},
  journal={Statistics in Medicine},
  volume={13},
  number={5-7},
  pages={587--601},
  year={1994},
  publisher={Wiley Online Library}
}

@article{loeb2014heterogeneity,
  title={Heterogeneity in active surveillance protocols worldwide},
  author={Loeb, Stacy and Carter, H Ballentine and Schwartz, Mark and Fagerlin, Angela and Braithwaite, R Scott and Lepor, Herbert},
  journal={Reviews in urology},
  volume={16},
  number={4},
  pages={202},
  year={2014},
  publisher={MedReviews, LLC}
}

@article{eilers1996flexible,
title={Flexible smoothing with {B-splines} and penalties},
author={Eilers, Paul HC and Marx, Brian D},
journal={Statistical Science},
pages={89--121},
year={1996},
volume={11},
number={2},
publisher={Institute of Mathematical Statistics}
}


@article{cooperberg2011outcomes,
  title={Outcomes of active surveillance for men with intermediate-risk prostate cancer},
  author={Cooperberg, Matthew R and Cowan, Janet E and Hilton, Joan F and Reese, Adam C and Zaid, Harras B and Porten, Sima P and Shinohara, Katsuto and Meng, Maxwell V and Greene, Kirsten L and Carroll, Peter R},
  journal={Journal of Clinical Oncology},
  volume={29},
  number={2},
  pages={228},
  year={2011},
  publisher={American Society of Clinical Oncology}
}

@article{bul2013active,
  title={Active surveillance for low-risk prostate cancer worldwide: the PRIAS study},
  author={Bul, Meelan and Zhu, Xiaoye and Valdagni, Riccardo and Pickles, Tom and Kakehi, Yoshiyuki and Rannikko, Antti and Bjartell, Anders and Van Der Schoot, Deric K and Cornel, Erik B and Conti, Giario N and others},
  journal={European urology},
  volume={63},
  number={4},
  pages={597--603},
  year={2013},
  publisher={Elsevier}
}

@article{lopez2014optimalcutpoints,
title={{OptimalCutpoints: an R package for selecting optimal cutpoints in diagnostic tests}},
author={L{\'o}pez-Rat{\'o}n, M{\'o}nica and Rodr{\'\i}guez-{\'A}lvarez, Mar{\'\i}a Xos{\'e} and Cadarso-Su{\'a}rez, Carmen and Gude-Sampedro, Francisco},
journal={Journal of Statistical Software},
volume={61},
number={8},
pages={1--36},
year={2014},
publisher={Foundation for Open Access Statistics}
}

@article{lin2000latent,
  title={A latent class mixed model for analysing biomarker trajectories with irregularly scheduled observations},
  author={Lin, Haiqun and McCulloch, Charles E and Turnbull, Bruce W and Slate, Elizabeth H and Clark, Larry C},
  journal={Statistics in Medicine},
  volume={19},
  number={10},
  pages={1303--1318},
  year={2000},
  publisher={Wiley Online Library}
}

@article{schroder1992tnm,
  title={The TNM classification of prostate cancer},
  author={Schr{\"o}der, FH and Hermanek, P and Denis, L and Fair, WR and Gospodarowicz, MK and Pavone-Macaluso, M},
  journal={The Prostate},
  volume={21},
  number={S4},
  pages={129--138},
  year={1992},
  publisher={Wiley Online Library}
}

@article{GlobalCancerStats2012,
title={Global cancer statistics, 2012},
author={Torre, Lindsey A and Bray, Freddie and Siegel, Rebecca L and Ferlay, Jacques and Lortet-Tieulent, Joannie and Jemal, Ahmedin},
journal={CA: A Cancer Journal for Clinicians},
volume={65},
number={2},
pages={87--108},
year={2015},
publisher={Wiley}
}

@article{potoskyPSAcancer,
author = {Potosky, Arnold L and Miller, Barry A and Albertsen, Peter C and Kramer, Barnett S},
title = {The role of increasing detection in the rising incidence of prostate cancer},
journal = {JAMA},
volume = {273},
number = {7},
pages = {548-552},
year = {1995},
publisher={American Medical Association}
}

@article{ehdaie2014impact,
  title={The impact of repeat biopsies on infectious complications in men with prostate cancer on active surveillance},
  author={Ehdaie, Behfar and Vertosick, Emily and Spaliviero, Massimiliano and Giallo-Uvino, Anna and Taur, Ying and O'sullivan, Maryellen and Livingston, Jennifer and Sogani, Pramod and Eastham, James and Scardino, Peter and others},
  journal={The Journal of urology},
  volume={191},
  number={3},
  pages={660--664},
  year={2014},
  publisher={Elsevier}
}

@article{welty2015extended,
title={Extended followup and risk factors for disease reclassification in a large active surveillance cohort for localized prostate cancer},
author={Welty, Christopher J and Cowan, Janet E and Nguyen, Hao and Shinohara, Katsuto and Perez, Nannette and Greene, Kirsten L and Chan, June M and Meng, Maxwell V and Simko, Jeffry P and Cooperberg, Matthew R and Carroll, Peter R},
journal={The Journal of Urology},
volume={193},
number={3},
pages={807--811},
year={2015},
publisher={Elsevier}
}

@article{bokhorst2015compliance,
title={Compliance rates with the {Prostate Cancer Research International Active Surveillance (PRIAS)} protocol and disease reclassification in noncompliers},
author={Bokhorst, Leonard P and Alberts, Arnout R and Rannikko, Antti and Valdagni, Riccardo and Pickles, Tom and Kakehi, Yoshiyuki and Bangma, Chris H and Roobol, Monique J and {\relax PRIAS study group}},
journal={European Urology},
volume={68},
number={5},
pages={814--821},
year={2015},
publisher={Elsevier}
}

@article{zhang2012optimization,
  title={Optimization of prostate biopsy referral decisions},
  author={Zhang, Jingyu and Denton, Brian T and Balasubramanian, Hari and Shah, Nilay D and Inman, Brant A},
  journal={Manufacturing \& Service Operations Management},
  volume={14},
  number={4},
  pages={529--547},
  year={2012},
  publisher={INFORMS}
}

@article{tsiatis2004joint,
title={Joint modeling of longitudinal and time-to-event data: an overview},
author={Tsiatis, Anastasios A and Davidian, Marie},
journal={Statistica Sinica},
volume={14},
number={3},
pages={809--834},
year={2004},
publisher={Institute of Statistical Science, Academia Sinica}
}

@article{rizopoulosJMbayes,
author = {Dimitris Rizopoulos},
title = {The {R} Package {JMbayes} for Fitting Joint Models for Longitudinal and Time-to-Event Data Using {MCMC}},
journal = {Journal of Statistical Software},
volume = {72},
number = {7},
year = {2016},
issn = {1548-7660},
pages = {1--46},
publisher={Foundation for Open Access Statistics}
}

@article{landmarking2017,
  title={Dynamic predictions with time-dependent covariates in survival analysis using joint modeling and landmarking},
  author={Rizopoulos, Dimitris and Molenberghs, Geert and Lesaffre, Emmanuel MEH},
  journal={Biometrical Journal},
  volume={59},
  number={6},
  pages={1261--1276},
  year={2017},
  publisher={Wiley Online Library}
}

@article{rizopoulos2011dynamic,
title={Dynamic Predictions and Prospective Accuracy in Joint Models for Longitudinal and Time-to-Event Data},
author={Rizopoulos, Dimitris},
journal={Biometrics},
volume={67},
number={3},
pages={819--829},
year={2011},
publisher={Wiley}
}

@book{rizopoulos2012joint,
title={Joint Models for Longitudinal and Time-to-Event Data: With Applications in R},
author={Rizopoulos, Dimitris},
year={2012},
publisher={CRC Press},
isbn = {9781439872864}
}

@article{laird1982random,
  title={Random-effects models for longitudinal data},
  author={Laird, Nan M and Ware, James H},
  journal={Biometrics},
  pages={963--974},
  year={1982},
  publisher={JSTOR}
}

@article{erenay2014optimizing,
  title={Optimizing colonoscopy screening for colorectal cancer prevention and surveillance},
  author={Erenay, Fatih Safa and Alagoz, Oguzhan and Said, Adnan},
  journal={Manufacturing \& Service Operations Management},
  volume={16},
  number={3},
  pages={381--400},
  year={2014},
  publisher={INFORMS}
}

@article{akhavan2017markov,
  title={A {Markov} decision process model for cervical cancer screening policies in {Colombia}},
  author={Akhavan-Tabatabaei, Raha and S{\'a}nchez, Diana Marcela and Yeung, Thomas G},
  journal={Medical Decision Making},
  volume={37},
  number={2},
  pages={196--211},
  year={2017},
  publisher={SAGE Publications}
}

@article{ayer2012or,
  title={A {POMDP} approach to personalize mammography screening decisions},
  author={Ayer, Turgay and Alagoz, Oguzhan and Stout, Natasha K},
  journal={Operations Research},
  volume={60},
  number={5},
  pages={1019--1034},
  year={2012},
  publisher={INFORMS}
}