@article{alagoz2010operations,
  title={Operations research models for cancer screening},
  author={Alagoz, Oguzhan and Ayer, Turgay and Erenay, Fatih Safa},
  journal={Wiley encyclopedia of operations research and management science},
  year={2010},
  publisher={Wiley Online Library}
}

@article{mcculloch2005generalized,
  title={Generalized linear mixed models},
  author={McCulloch, Charles E and Neuhaus, John M},
  journal={Encyclopedia of biostatistics},
  volume={4},
  year={2005},
  publisher={Wiley Online Library}
}

@article{alwan2010monitoring,
  title={Monitoring and surveillance of chronic non-communicable diseases: progress and capacity in high-burden countries},
  author={Alwan, Ala and MacLean, David R and Riley, Leanne M and d'Espaignet, Edouard Tursan and Mathers, Colin Douglas and Stevens, Gretchen Anna and Bettcher, Douglas},
  journal={The Lancet},
  volume={376},
  number={9755},
  pages={1861--1868},
  year={2010},
  publisher={Elsevier}
}

@article{jullion2007robust,
  title={Robust specification of the roughness penalty prior distribution in spatially adaptive Bayesian P-splines models},
  author={Jullion, Astrid and Lambert, Philippe},
  journal={Computational statistics \& data analysis},
  volume={51},
  number={5},
  pages={2542--2558},
  year={2007},
  publisher={Elsevier}
}

@article{andrinopoulou2016bayesian,
  title={Bayesian shrinkage approach for a joint model of longitudinal and survival outcomes assuming different association structures},
  author={Andrinopoulou, Eleni-Rosalina and Rizopoulos, Dimitris},
  journal={Statistics in medicine},
  volume={35},
  number={26},
  pages={4813--4823},
  year={2016},
  publisher={Wiley Online Library}
}

@article{ayer2012or,
  title={OR Forum—A POMDP approach to personalize mammography screening decisions},
  author={Ayer, Turgay and Alagoz, Oguzhan and Stout, Natasha K},
  journal={Operations Research},
  volume={60},
  number={5},
  pages={1019--1034},
  year={2012},
  publisher={INFORMS}
}

@article{barnett2018optimizing,
  title={Optimizing active surveillance strategies to balance the competing goals of early detection of grade progression and minimizing harm from biopsies},
  author={Barnett, Christine L and Auffenberg, Gregory B and Cheng, Zian and Yang, Fan and Wang, Jiachen and Wei, John T and Miller, David C and Montie, James E and Mamawala, Mufaddal and Denton, Brian T},
  journal={Cancer},
  volume={124},
  number={4},
  pages={698--705},
  year={2018},
  publisher={Wiley Online Library}
}

@article{bebu2017optimal,
  title={Optimal screening schedules for disease progression with application to diabetic retinopathy},
  author={Bebu, Ionut and Lachin, John M},
  journal={Biostatistics},
  volume={19},
  number={1},
  pages={1--13},
  year={2017},
  publisher={Oxford University Press}
}

@article{bokhorst2015compliance,
title={Compliance rates with the {Prostate Cancer Research International Active Surveillance (PRIAS)} protocol and disease reclassification in noncompliers},
author={Bokhorst, Leonard P and Alberts, Arnout R and Rannikko, Antti and Valdagni, Riccardo and Pickles, Tom and Kakehi, Yoshiyuki and Bangma, Chris H and Roobol, Monique J and {\relax PRIAS study group}},
journal={European Urology},
volume={68},
number={5},
pages={814--821},
year={2015},
publisher={Elsevier}
}

@article{bokhorst2016decade,
title={A decade of active surveillance in the {PRIAS} study: an update and evaluation of the criteria used to recommend a switch to active treatment},
author={Bokhorst, Leonard P and Valdagni, Riccardo and Rannikko, Antti and Kakehi, Yoshiyuki and Pickles, Tom and Bangma, Chris H and Roobol, Monique J and {\relax PRIAS study group}},
journal={European Urology},
volume={70},
number={6},
pages={954--960},
year={2016},
publisher={Elsevier}
}

@article{brown2009assessing,
title={Assessing the association between trends in a biomarker and risk of event with an application in pediatric {HIV/AIDS}},
author={Brown, Elizabeth R.},
journal={The Annals of Applied Statistics},
volume={3},
number={3},
pages={1163--1182},
year={2009},
publisher={Institute of Mathematical Statistics}
}

@article{cook1994equivalence,
title={On the equivalence of constrained and compound optimal designs},
author={Cook, R. Dennis and Wong, Weng K.},
journal={Journal of the American Statistical Association},
volume={89},
number={426},
pages={687--692},
year={1994},
publisher={Taylor \& Francis Group}
}

@article{crawford2003epidemiology,
  title={Epidemiology of prostate cancer},
  author={Crawford, E David},
  journal={Urology},
  volume={62},
  number={6},
  pages={3--12},
  year={2003},
  publisher={Elsevier}
}

@article{epsteinGG2014,
  title={The 2014 International Society of Urological Pathology (ISUP) consensus conference on 
  Gleason grading of prostatic carcinoma},
  author={Epstein, Jonathan I and Egevad, Lars and Amin, Mahul B and Delahunt, Brett and Srigley, John R and Humphrey, Peter A},
  journal={The American journal of surgical pathology},
  volume={40},
  number={2},
  pages={244--252},
  year={2016},
  publisher={Wolters Kluwer}
}
 
@article{GlobalCancerStats2012,
title={Global cancer statistics, 2012},
author={Torre, Lindsey A and Bray, Freddie and Siegel, Rebecca L and Ferlay, Jacques and Lortet-Tieulent, Joannie and Jemal, Ahmedin},
journal={CA: A Cancer Journal for Clinicians},
volume={65},
number={2},
pages={87--108},
year={2015},
publisher={Wiley}
}

@article{henderson2011surveillance,
  title={Surveillance protocol kidney transplant biopsies: their evolving role in clinical practice},
  author={Henderson, LK and Nankivell, BJ and Chapman*, JR},
  journal={American Journal of Transplantation},
  volume={11},
  number={8},
  pages={1570--1575},
  year={2011},
  publisher={Wiley Online Library}
}

@article{inoue2018comparative,
  title={Comparative Analysis of Biopsy Upgrading in Four Prostate Cancer Active Surveillance Cohorts},
  author={Inoue, Lurdes YT and Lin, Daniel W and Newcomb, Lisa F and Leonardson, Amy S and Ankerst, Donna and Gulati, Roman and Carter, H Ballentine and Trock, Bruce J and Carroll, Peter R and Cooperberg, Matthew R and others},
  journal={Annals of internal medicine},
  volume={168},
  number={1},
  pages={1--9},
  year={2018},
  publisher={Am Coll Physicians}
}

@article{krist2007timing,
  title={Timing of repeat colonoscopy: disparity between guidelines and endoscopists’ recommendation},
  author={Krist, Alex H and Jones, Resa M and Woolf, Steven H and Woessner, Sarah E and Merenstein, Daniel and Kerns, J William and Foliaco, Walter and Jackson, Paul},
  journal={American journal of preventive medicine},
  volume={33},
  number={6},
  pages={471--478},
  year={2007},
  publisher={Elsevier}
}

@article{laird1982random,
  title={Random-effects models for longitudinal data},
  author={Laird, Nan M and Ware, James H},
  journal={Biometrics},
  pages={963--974},
  year={1982},
  publisher={JSTOR}
}

@article{lieberman2012guidelines,
  title={Guidelines for colonoscopy surveillance after screening and polypectomy: a consensus update by the US Multi-Society Task Force on Colorectal Cancer},
  author={Lieberman, David A and Rex, Douglas K and Winawer, Sidney J and Giardiello, Francis M and Johnson, David A and Levin, Theodore R},
  journal={Gastroenterology},
  volume={143},
  number={3},
  pages={844--857},
  year={2012},
  publisher={Elsevier}
}

@article{loeb2013systematic,
  title={Systematic review of complications of prostate biopsy},
  author={Loeb, Stacy and Vellekoop, Annelies and Ahmed, Hashim U and Catto, James and Emberton, Mark and Nam, Robert and Rosario, Derek J and Scattoni, Vincenzo and Lotan, Yair},
  journal={European urology},
  volume={64},
  number={6},
  pages={876--892},
  year={2013},
  publisher={Elsevier}
}

@article{loeb2014heterogeneity,
  title={Heterogeneity in active surveillance protocols worldwide},
  author={Loeb, Stacy and Carter, H Ballentine and Schwartz, Mark and Fagerlin, Angela and Braithwaite, R Scott and Lepor, Herbert},
  journal={Reviews in urology},
  volume={16},
  number={4},
  pages={202--203},
  year={2014},
  publisher={MedReviews, LLC}
}

@article{mcwilliams2008surveillance,
  title={Surveillance bronchoscopy in lung transplant recipients: risk versus benefit},
  author={McWilliams, Tanya J and Williams, Trevor J and Whitford, Helen M and Snell, Gregory I},
  journal={The Journal of Heart and Lung Transplantation},
  volume={27},
  number={11},
  pages={1203--1209},
  year={2008},
  publisher={Elsevier}
}
 

@article{newcomer1997temporal,
  title={Temporal trends in rates of prostate cancer: declining incidence of advanced stage disease, 1974 to 1994},
  author={Newcomer, Laura M and Stanford, Janet L and Blumenstein, Brent A and Brawer, Michael K},
  journal={The Journal of urology},
  volume={158},
  number={4},
  pages={1427--1430},
  year={1997},
  publisher={Wolters Kluwer Philadelphia, PA}
}

@article{nieboer2018active,
  title={Active surveillance: a review of risk-based, dynamic monitoring},
  author={Nieboer, Daan and Tomer, Anirudh and Rizopoulos, Dimitris and Roobol, Monique J and Steyerberg, Ewout W},
  journal={Translational andrology and urology},
  volume={7},
  number={1},
  pages={106--115},
  year={2018},
  publisher={AME Publications}
}

@book{rizopoulos2012joint,
title={Joint Models for Longitudinal and Time-to-Event Data: With Applications in R},
author={Rizopoulos, Dimitris},
year={2012},
publisher={CRC Press},
isbn = {9781439872864}
}

@article{rizopoulos2015personalized,
  title={Personalized screening intervals for biomarkers using joint models for longitudinal and survival data},
  author={Rizopoulos, Dimitris and Taylor, Jeremy MG and Van Rosmalen, Joost and Steyerberg, Ewout W and Takkenberg, Johanna JM},
  journal={Biostatistics},
  volume={17},
  number={1},
  pages={149--164},
  year={2015},
  publisher={Oxford University Press}
}

@article{streitz1993endoscopic,
  title={Endoscopic surveillance of Barrett's esophagus. Does it help?},
  author={Streitz, Jr JM and Andrews, Jr CW and Ellis, Jr FH},
  journal={The Journal of thoracic and cardiovascular surgery},
  volume={105},
  number={3},
  pages={383--7},
  year={1993}
}

@incollection{steimle2017markov,
  title={Markov decision processes for screening and treatment of chronic diseases},
  author={Steimle, Lauren N and Denton, Brian T},
  booktitle={Markov Decision Processes in Practice},
  pages={189--222},
  year={2017},
  publisher={Springer}
}

@article{taylor2013real,
title={Real-time individual predictions of prostate cancer recurrence using joint models},
author={Taylor, Jeremy M.G. and Park, Yongseok and Ankerst, Donna P. and Proust-Lima, Cecile and Williams, Scott and Kestin, Larry and Bae, Kyoungwha and Pickles, Tom and Sandler, Howard},
journal={Biometrics},
volume={69},
number={1},
pages={206--213},
year={2013},
publisher={Wiley}
}

@article{tomer2019personalized,
  title={Personalized Decision Making for Biopsies in Prostate Cancer Active Surveillance Programs},
  author={Tomer, Anirudh and Rizopoulos, Dimitris and Nieboer, Daan and Drost, Frank-Jan and Roobol, Monique J and Steyerberg, Ewout W},
  journal={Medical Decision Making},
  volume={39},
  number={5},
  pages={499--508},
  year={2019},
  publisher={SAGE Publications Sage CA: Los Angeles, CA}
}

@article{tomer2020webapp,
  title={A Ready To Use Web-Application Providing a Personalized Biopsy Schedule for Men With Low-Risk PCa Under Active Surveillance},
  author={Tomer, Anirudh and Nieboer, Daan and Roobol, Monique J and Bjartell, Anders and Steyerberg, Ewout W and Rizopoulos, Dimitris and et al.},
  journal={-},
  volume={manuscript submitted},
  number={-},
  pages={-},
  year={2020},
  publisher={Elsevier}
}

@article{tsiatis2004joint,
title={Joint modeling of longitudinal and time-to-event data: an overview},
author={Tsiatis, Anastasios A and Davidian, Marie},
journal={Statistica Sinica},
volume={14},
number={3},
pages={809--834},
year={2004},
publisher={Institute of Statistical Science, Academia Sinica}
}

@article{vickers2006decision,
  title={Decision curve analysis: a novel method for evaluating prediction models},
  author={Vickers, Andrew J and Elkin, Elena B},
  journal={Medical Decision Making},
  volume={26},
  number={6},
  pages={565--574},
  year={2006},
  publisher={Sage Publications Sage CA: Thousand Oaks, CA}
}

@article{zhang2012optimization,
  title={Optimization of prostate biopsy referral decisions},
  author={Zhang, Jingyu and Denton, Brian T and Balasubramanian, Hari and Shah, Nilay D and Inman, Brant A},
  journal={Manufacturing \& Service Operations Management},
  volume={14},
  number={4},
  pages={529--547},
  year={2012},
  publisher={INFORMS}
}






























































































@article{pearson1994mixed,
  title={Mixed-effects regression models for studying the natural history of prostate disease},
  author={Pearson, Jay D and Morrell, Christopher H and Landis, Patricia K and Carter, H Ballentine and Brant, Larry J},
  journal={Statistics in Medicine},
  volume={13},
  number={5-7},
  pages={587--601},
  year={1994},
  publisher={Wiley Online Library}
}

@article{bruinsma2018movember,
  title={The Movember Foundation's GAP3 cohort: a profile of the largest global prostate cancer active surveillance database to date},
  author={Bruinsma, Sophie M and Zhang, Liying and Roobol, Monique J and Bangma, Chris H and Steyerberg, Ewout W and Nieboer, Daan and Van Hemelrijck, Mieke and Movember Foundation's Global Action Plan Prostate Cancer Active Surveillance (GAP3) consortium and Trock, Bruce and Ehdaie, Behfar and others},
  journal={BJU international},
  volume={121},
  number={5},
  pages={737--744},
  year={2018},
  publisher={Wiley Online Library}
}

@article{meier2003discrete,
  title={Discrete proportional hazards models for mismeasured outcomes},
  author={Meier, Amalia S and Richardson, Barbra A and Hughes, James P},
  journal={Biometrics},
  volume={59},
  number={4},
  pages={947--954},
  year={2003},
  publisher={Wiley Online Library}
}

@article{bruinsma2016active,
  title={Active surveillance for prostate cancer: a narrative review of clinical guidelines},
  author={Bruinsma, Sophie M and Bangma, Chris H and Carroll, Peter R and Leapman, Michael S and Rannikko, Antti and Petrides, Neophytos and Weerakoon, Mahesha and Bokhorst, Leonard P and Roobol, Monique J and Ehdaie, Behfar and others},
  journal={Nature Reviews Urology},
  volume={13},
  number={3},
  pages={151--167},
  year={2016},
  publisher={Nature Publishing Group}
}

@article{balasubramanian2003estimation,
  title={Estimation of a failure time distribution based on imperfect diagnostic tests},
  author={Balasubramanian, Raji and Lagakos, Stephen W},
  journal={Biometrika},
  volume={90},
  number={1},
  pages={171--182},
  year={2003},
  publisher={Oxford University Press}
}



@article{gentleman1994maximum,
  title={Maximum likelihood for interval censored data: {Consistency} and computation},
  author={Gentleman, Robert and Geyer, Charles J},
  journal={Biometrika},
  volume={81},
  number={3},
  pages={618--623},
  year={1994},
  publisher={Oxford University Press}
}

@article{fujita2009serial,
  title={Serial prostate biopsies are associated with an increased risk of erectile dysfunction in men with prostate cancer on active surveillance},
  author={Fujita, Kazutoshi and Landis, Patricia and McNeil, Brian K and Pavlovich, Christian P},
  journal={The Journal of urology},
  volume={182},
  number={6},
  pages={2664--2669},
  year={2009},
  publisher={Elsevier}
}

@article{coley2017,
title = {Prediction of the pathologic {Gleason} score to inform a personalized management program for prostate cancer},
journal = {European Urology},
volume = {72},
number = {1},
pages = {135--141},
year = {2017},
author = {Coley, Rebecca Yates and Zeger, Scott L and Mufaddal Mamawala and Pienta, Kenneth J and Carter, Herbert Ballentine}
}

@article{cookson1997,
author = {Michael S. Cookson  and Neil E. Fleshner  and Scott M. Soloway  and William R. Fair },
title = {Correlation between {Gleason} score of needle biopsy and radical prostatectomy specimen: accuracy and clinical implications},
journal = {Journal of Urology},
volume = {157},
number = {2},
pages = {559--562},
year = {1997}
}

@article{Ploussard2010,
  title={Pathological findings and prostate specific antigen outcomes after radical prostatectomy in men eligible for active surveillance—does the risk of misclassification vary according to biopsy criteria?},
  author={Ploussard, Guillaume and Salomon, Laurent and Xylinas, Evanguelos and Allory, Yves and Vordos, Dimitri and Hoznek, Andras and Abbou, Claude-Cl{\'e}ment and De La Taille, Alexandre},
  journal={The Journal of urology},
  volume={183},
  number={2},
  pages={539--545},
  year={2010},
  publisher={Wolters Kluwer Philadelphia, PA}
}

@article{Melia2006,
author = {Melia, J and Moseley, R and Ball, R Y and Griffiths, D F R and Grigor, K and Harnden, P and Jarmulowicz, M and McWilliam, L J and Montironi, R and Waller, M and Moss, S and Parkinson, M C},
title = {A UK-based investigation of inter-and intra-observer reproducibility of {Gleason} grading of prostatic biopsies},
journal = {Histopathology},
volume = {48},
number = {6},
pages = {644--654},
year = {2006}
}

@article{Pinthus2006,
author = {Jehonathan H. Pinthus  and Maciej Witkos  and N.E. Fleshner  and Joan Sweet  and Andrew Evans  and M.A. Jewett  and Murray Krahn  and Shabir Alibhai  and John Trachtenberg },
title = {Prostate cancers scored as {Gleason} 6 on prostate Biopsy are frequently {Gleason} 7 tumors at radical prostatectomy: implication on outcome},
journal = {Journal of Urology},
volume = {176},
number = {3},
pages = {979--984},
year = {2006}
}

@article{Lattouf2002,
author = {Lattouf, J.-B. and Saad, F.},
title = {{Gleason} score on biopsy: is it reliable for predicting the final grade on pathology?},
journal = {BJU International},
volume = {90},
number = {7},
pages = {694--698},
year = {2002}
}

@article{carvalho,
  title={Estimating the risks and benefits of active surveillance protocols for prostate cancer: a microsimulation study},
  author={de Carvalho, Tiago M and Heijnsdijk, Eveline AM and de Koning, Harry J},
  journal={BJU international},
  volume={119},
  number={4},
  pages={560--566},
  year={2017},
  publisher={Wiley Online Library}
}

@article{krahn1994screening,
  title={Screening for prostate cancer: a decision analytic view},
  author={Krahn, Murray D and Mahoney, John E and Eckman, Mark H and Trachtenberg, John and Pauker, Stephen G and Detsky, Allan S},
  journal={Jama},
  volume={272},
  number={10},
  pages={773--780},
  year={1994},
  publisher={American Medical Association}
}

@article{etzioni2002overdiagnosis,
  title={Overdiagnosis due to prostate-specific antigen screening: lessons from {US} prostate cancer incidence trends},
  author={Etzioni, Ruth and Penson, David F and Legler, Julie M and Di Tommaso, Dante and Boer, Rob and Gann, Peter H and Feuer, Eric J},
  journal={Journal of the National Cancer Institute},
  volume={94},
  number={13},
  pages={981--990},
  year={2002},
  publisher={Oxford University Press}
}

@article{turnbull1976empirical,
  title={The empirical distribution function with arbitrarily grouped, censored and truncated data},
  author={Turnbull, Bruce W},
  journal={Journal of the Royal Statistical Society. Series B (Methodological)},
  volume={38},
  number={3},
  pages={290--295},
  year={1976},
  publisher={JSTOR}
}



@book{de1978practical,
  title={A practical guide to splines},
  author={De Boor, Carl},
  volume={27},
  year={1978},
  publisher={Springer-Verlag New York}
}



@article{eilers1996flexible,
title={Flexible smoothing with {B-splines} and penalties},
author={Eilers, Paul HC and Marx, Brian D},
journal={Statistical Science},
pages={89--121},
year={1996},
volume={11},
number={2},
publisher={Institute of Mathematical Statistics}
}


@article{cooperberg2011outcomes,
  title={Outcomes of active surveillance for men with intermediate-risk prostate cancer},
  author={Cooperberg, Matthew R and Cowan, Janet E and Hilton, Joan F and Reese, Adam C and Zaid, Harras B and Porten, Sima P and Shinohara, Katsuto and Meng, Maxwell V and Greene, Kirsten L and Carroll, Peter R},
  journal={Journal of Clinical Oncology},
  volume={29},
  number={2},
  pages={228--234},
  year={2011},
  publisher={American Society of Clinical Oncology}
}

@article{Gleason_interobs_var,
title={Accuracy of biopsy {Gleason} scores from a large uropathology laboratory: use of a diagnostic protocol to minimize observer variability},
author={Carlson, Grant D. and Calvanese, Christina B. and Kahane, Hillel and Epstein, Jonathan I.},
journal={Urology},
volume={51},
number={4},
pages={525--529},
year={1998},
publisher={Elsevier}
}

@article{lopez2014optimalcutpoints,
title={{OptimalCutpoints: an R package for selecting optimal cutpoints in diagnostic tests}},
author={L{\'o}pez-Rat{\'o}n, M{\'o}nica and Rodr{\'\i}guez-{\'A}lvarez, Mar{\'\i}a Xos{\'e} and Cadarso-Su{\'a}rez, Carmen and Gude-Sampedro, Francisco},
journal={Journal of Statistical Software},
volume={61},
number={8},
pages={1--36},
year={2014},
publisher={Foundation for Open Access Statistics}
}

@article{lin2000latent,
  title={A latent class mixed model for analysing biomarker trajectories with irregularly scheduled observations},
  author={Lin, Haiqun and McCulloch, Charles E and Turnbull, Bruce W and Slate, Elizabeth H and Clark, Larry C},
  journal={Statistics in Medicine},
  volume={19},
  number={10},
  pages={1303--1318},
  year={2000},
  publisher={Wiley Online Library}
}

@article{schroder1992tnm,
  title={The {TNM} classification of prostate cancer},
  author={Schr{\"o}der, FH and Hermanek, P and Denis, L and Fair, WR and Gospodarowicz, MK and Pavone-Macaluso, M},
  journal={The Prostate},
  volume={21},
  number={S4},
  pages={129--138},
  year={1992},
  publisher={Wiley Online Library}
}



@article{potoskyPSAcancer,
author = {Potosky, Arnold L and Miller, Barry A and Albertsen, Peter C and Kramer, Barnett S},
title = {The role of increasing detection in the rising incidence of prostate cancer},
journal = {JAMA},
volume = {273},
number = {7},
pages = {548-552},
year = {1995},
publisher={American Medical Association}
}

@article{ehdaie2014impact,
  title={The impact of repeat biopsies on infectious complications in men with prostate cancer on active surveillance},
  author={Ehdaie, Behfar and Vertosick, Emily and Spaliviero, Massimiliano and Giallo-Uvino, Anna and Taur, Ying and O'sullivan, Maryellen and Livingston, Jennifer and Sogani, Pramod and Eastham, James and Scardino, Peter and others},
  journal={The Journal of urology},
  volume={191},
  number={3},
  pages={660--664},
  year={2014},
  publisher={Elsevier}
}

@article{welty2015extended,
title={Extended followup and risk factors for disease reclassification in a large active surveillance cohort for localized prostate cancer},
author={Welty, Christopher J and Cowan, Janet E and Nguyen, Hao and Shinohara, Katsuto and Perez, Nannette and Greene, Kirsten L and Chan, June M and Meng, Maxwell V and Simko, Jeffry P and Cooperberg, Matthew R and Carroll, Peter R},
journal={The Journal of Urology},
volume={193},
number={3},
pages={807--811},
year={2015},
publisher={Elsevier}
}

@article{goh2013clinical,
  title={Clinical implications of family history of prostate cancer and genetic risk single nucleotide polymorphism (SNP) profiles in an active surveillance cohort},
  author={Goh, Chee L and Saunders, Edward J and Leongamornlert, Daniel A and Tymrakiewicz, Malgorzata and Thomas, Karen and Selvadurai, Elizabeth D and Woode-Amissah, Ruth and Dadaev, Tokhir and Mahmud, Nadiya and Castro, Elena and others},
  journal={BJU international},
  volume={112},
  number={5},
  pages={666--673},
  year={2013},
  publisher={Wiley Online Library}
}

@article{telang2017prostate,
  title={Prostate cancer family history and eligibility for active surveillance: a systematic review of the literature},
  author={Telang, Jaya M and Lane, Brian R and Cher, Michael L and Miller, David C and Dupree, James M},
  journal={BJU international},
  volume={120},
  number={4},
  pages={464--467},
  year={2017},
  publisher={Wiley Online Library}
}


@article{lang2004bayesian,
  title={Bayesian P-splines},
  author={Lang, Stefan and Brezger, Andreas},
  journal={Journal of computational and graphical statistics},
  volume={13},
  number={1},
  pages={183--212},
  year={2004},
  publisher={Taylor \& Francis}
}

@article{coley2017prediction,
  title={Prediction of the pathologic Gleason score to inform a personalized management program for prostate cancer},
  author={Coley, R Yates and Zeger, Scott L and Mamawala, Mufaddal and Pienta, Kenneth J and Carter, H Ballentine},
  journal={European urology},
  volume={72},
  number={1},
  pages={135--141},
  year={2017},
  publisher={Elsevier}
}

@article{rizopoulosJMbayes,
author = {Dimitris Rizopoulos},
title = {The {R} Package {JMbayes} for Fitting Joint Models for Longitudinal and Time-to-Event Data Using {MCMC}},
journal = {Journal of Statistical Software},
volume = {72},
number = {7},
year = {2016},
issn = {1548-7660},
pages = {1--46},
publisher={Foundation for Open Access Statistics}
}

@article{landmarking2017,
  title={Dynamic predictions with time-dependent covariates in survival analysis using joint modeling and landmarking},
  author={Rizopoulos, Dimitris and Molenberghs, Geert and Lesaffre, Emmanuel MEH},
  journal={Biometrical Journal},
  volume={59},
  number={6},
  pages={1261--1276},
  year={2017},
  publisher={Wiley Online Library}
}

@article{rizopoulos2011dynamic,
title={Dynamic Predictions and Prospective Accuracy in Joint Models for Longitudinal and Time-to-Event Data},
author={Rizopoulos, Dimitris},
journal={Biometrics},
volume={67},
number={3},
pages={819--829},
year={2011},
publisher={Wiley}
}





@article{erenay2014optimizing,
  title={Optimizing colonoscopy screening for colorectal cancer prevention and surveillance},
  author={Erenay, Fatih Safa and Alagoz, Oguzhan and Said, Adnan},
  journal={Manufacturing \& Service Operations Management},
  volume={16},
  number={3},
  pages={381--400},
  year={2014},
  publisher={INFORMS}
}

@article{akhavan2017markov,
  title={A {Markov} decision process model for cervical cancer screening policies in {Colombia}},
  author={Akhavan-Tabatabaei, Raha and S{\'a}nchez, Diana Marcela and Yeung, Thomas G},
  journal={Medical Decision Making},
  volume={37},
  number={2},
  pages={196--211},
  year={2017},
  publisher={SAGE Publications}
}

@article{ayer2012or,
  title={A {POMDP} approach to personalize mammography screening decisions},
  author={Ayer, Turgay and Alagoz, Oguzhan and Stout, Natasha K},
  journal={Operations Research},
  volume={60},
  number={5},
  pages={1019--1034},
  year={2012},
  publisher={INFORMS}
}

@article{ROBERTS2001576,
title = {{PSA} doubling time as a predictor of clinical progression after biochemical failure following radical prostatectomy for prostate cancer},
author={Roberts, Steven G and Blute, Michael L and Bergstralh, Erik J and Slezak, Jeffrey M and Zincke, Horst},
journal = {Mayo Clinic Proceedings},
volume = {76},
number = {6},
pages = {576--581},
year = {2001}
}

@book{world2014global,
  title={Global status report on noncommunicable diseases 2014},
  author={WHO, World Health Organization and others},
  number={WHO/NMH/NVI/15.1},
  year={2014},
  publisher={World Health Organization}
}