@book{rizopoulos2012joint,
  title={Joint models for longitudinal and time-to-event data: With applications in R},
  author={Rizopoulos, Dimitris},
  year={2012},
  publisher={CRC Press}
}

@article{mcgreevy2006impact,
  title={Impact of race and baseline PSA on longitudinal PSA},
  author={McGreevy, Katharine and Rodgers, Keith and Lipsitz, Stuart and Bissada, Nabil and Hoel, David},
  journal={International journal of cancer},
  volume={118},
  number={7},
  pages={1773--1776},
  year={2006},
  publisher={Wiley Online Library}
}

@article{sene2016individualized,
  title={Individualized dynamic prediction of prostate cancer recurrence with and without the initiation of a second treatment: Development and validation},
  author={S{\`e}ne, Mb{\'e}ry and Taylor, Jeremy MG and Dignam, James J and Jacqmin-Gadda, H{\'e}l{\`e}ne and Proust-Lima, C{\'e}cile},
  journal={Statistical methods in medical research},
  volume={25},
  number={6},
  pages={2972--2991},
  year={2016},
  publisher={SAGE Publications Sage UK: London, England}
}

@article{rizopoulos2011dynamic,
  title={Dynamic Predictions and Prospective Accuracy in Joint Models for Longitudinal and Time-to-Event Data},
  author={Rizopoulos, Dimitris},
  journal={Biometrics},
  volume={67},
  number={3},
  pages={819--829},
  year={2011},
  publisher={Wiley Online Library}
}

@article{rizopoulosJMbayes,
  title={The R package JMbayes for fitting joint models for longitudinal and time-to-event data using MCMC},
  author={Rizopoulos, Dimitris},
  journal={arXiv preprint arXiv:1404.7625},
  year={2014}
}

@article{eilers1996flexible,
  title={Flexible smoothing with B-splines and penalties},
  author={Eilers, Paul HC and Marx, Brian D},
  journal={Statistical science},
  pages={89--102},
  year={1996},
  publisher={JSTOR}
}